<record xmlns="http://www.loc.gov/MARC21/slim" xmlns:xsi="http://www.w3.org/2001/XMLSchema-instance" xsi:schemaLocation="http://www.loc.gov/MARC21/slim http://www.loc.gov/standards/marcxml/schema/MARC21slim.xsd"><leader>00037nz   2200037n  4500</leader><controlfield tag="001">DNB|102388830</controlfield><controlfield tag="003">DNB</controlfield><controlfield tag="005">20080405190758.0</controlfield><controlfield tag="008">930416n||aznnnabbn           | aaa    |c</controlfield><datafield ind1=" " ind2=" " tag="035"><subfield code="a">(DE-101)102388830</subfield></datafield><datafield ind1=" " ind2=" " tag="035"><subfield code="a">(DE-588a)102388830</subfield></datafield><datafield ind1=" " ind2=" " tag="040"><subfield code="a">DE-12</subfield><subfield code="b">ger</subfield><subfield code="c">DE-101</subfield><subfield code="e">rakwb</subfield><subfield code="d">9999</subfield></datafield><datafield ind1=" " ind2=" " tag="079"><subfield code="a">p</subfield><subfield code="q">f</subfield><subfield code="q">p</subfield><subfield code="t">12-PAN</subfield></datafield><datafield ind1="0" ind2=" " tag="100"><subfield code="a">Petrus</subfield><subfield code="c">Referendarius</subfield><subfield code="d">5. bzw. 5./6. Jh. n. Chr.</subfield></datafield><datafield ind1="1" ind2=" " tag="400"><subfield code="a">Referendarius, Petrus</subfield><subfield code="d">5. bzw. 5./6. Jh. n. Chr.</subfield></datafield><datafield ind1=" " ind2=" " tag="549"><subfield code="w">i</subfield><subfield code="i">Lebensdaten</subfield><subfield code="a">5. bzw. 5./6. Jh. n. Chr.</subfield></datafield><datafield ind1=" " ind2=" " tag="678"><subfield code="a">Cpl 1517: Carmina</subfield></datafield><datafield ind1=" " ind2=" " tag="996"><subfield code="2">PICA|074192833</subfield></datafield><datafield ind1=" " ind2=" " tag="996"><subfield code="2">RERO|vtls012418334</subfield></datafield><datafield ind1=" " ind2=" " tag="996"><subfield code="2">NLIlat|000008311</subfield></datafield><datafield ind1=" " ind2=" " tag="996"><subfield code="2">BAV|ADV11039951</subfield></datafield><datafield ind1=" " ind2=" " tag="996"><subfield code="2">RERO|vtls000129745</subfield></datafield><datafield ind1=" " ind2=" " tag="996"><subfield code="2">NLIlat|000253794</subfield></datafield><datafield ind1=" " ind2=" " tag="996"><subfield code="2">RERO|vtls013690593</subfield></datafield><datafield ind1=" " ind2=" " tag="996"><subfield code="2">LC|n  97119047</subfield></datafield><datafield ind1=" " ind2=" " tag="996"><subfield code="2">RERO|vtls000129856</subfield></datafield><datafield ind1=" " ind2=" " tag="996"><subfield code="2">RERO|vtls000129854</subfield></datafield><datafield ind1=" " ind2=" " tag="996"><subfield code="2">RERO|vtls000129850</subfield></datafield><datafield ind1=" " ind2=" " tag="996"><subfield code="2">RERO|vtls000129851</subfield></datafield><datafield ind1=" " ind2=" " tag="996"><subfield code="2">RERO|vtls017454758</subfield></datafield><datafield ind1=" " ind2=" " tag="996"><subfield code="2">PICA|275815390</subfield></datafield><datafield ind1=" " ind2=" " tag="996"><subfield code="2">LC|nr 90017257</subfield></datafield><datafield ind1=" " ind2=" " tag="996"><subfield code="2">LC|nr 96040594</subfield></datafield><datafield ind1=" " ind2=" " tag="996"><subfield code="2">BNE|XX1055413</subfield></datafield><datafield ind1=" " ind2=" " tag="996"><subfield code="2">NLA|000036497807</subfield></datafield><datafield ind1=" " ind2=" " tag="996"><subfield code="2">RERO|vtls000129848</subfield></datafield><datafield ind1=" " ind2=" " tag="996"><subfield code="2">SELIBR|207016</subfield></datafield><datafield ind1=" " ind2=" " tag="996"><subfield code="2">RERO|vtls000129844</subfield></datafield><datafield ind1=" " ind2=" " tag="996"><subfield code="2">RERO|vtls009335185</subfield></datafield><datafield ind1=" " ind2=" " tag="996"><subfield code="2">RERO|vtls000129841</subfield></datafield><datafield ind1=" " ind2=" " tag="996"><subfield code="2">RERO|vtls000129843</subfield></datafield><datafield ind1=" " ind2=" " tag="996"><subfield code="2">RERO|vtls000129842</subfield></datafield><datafield ind1=" " ind2=" " tag="996"><subfield code="2">RERO|vtls000129845</subfield></datafield><datafield ind1=" " ind2=" " tag="996"><subfield code="2">PICA|072185406</subfield></datafield><datafield ind1=" " ind2=" " tag="996"><subfield code="2">PICA|086849182</subfield></datafield><datafield ind1=" " ind2=" " tag="996"><subfield code="2">RERO|vtls017587479</subfield></datafield><datafield ind1=" " ind2=" " tag="996"><subfield code="2">RERO|vtls000129846</subfield></datafield><datafield ind1=" " ind2=" " tag="996"><subfield code="2">PICA|072991682</subfield></datafield><datafield ind1=" " ind2=" " tag="996"><subfield code="2">RERO|vtls000098203</subfield></datafield><datafield ind1=" " ind2=" " tag="996"><subfield code="2">PICA|098544780</subfield></datafield><datafield ind1=" " ind2=" " tag="996"><subfield code="2">RERO|vtls000129872</subfield></datafield><datafield ind1=" " ind2=" " tag="996"><subfield code="2">RERO|vtls000129876</subfield></datafield><datafield ind1=" " ind2=" " tag="996"><subfield code="2">RERO|vtls006441133</subfield></datafield><datafield ind1=" " ind2=" " tag="996"><subfield code="2">LC|n  92090762</subfield></datafield><datafield ind1=" " ind2=" " tag="996"><subfield code="2">RERO|vtls000052440</subfield></datafield><datafield ind1=" " ind2=" " tag="996"><subfield code="2">NLIlat|000105128</subfield></datafield><datafield ind1=" " ind2=" " tag="996"><subfield code="2">RERO|vtls000075772</subfield></datafield><datafield ind1=" " ind2=" " tag="996"><subfield code="2">RERO|vtls017439691</subfield></datafield><datafield ind1=" " ind2=" " tag="996"><subfield code="2">LC|n  82239262</subfield></datafield><datafield ind1=" " ind2=" " tag="996"><subfield code="2">RERO|vtls000004556</subfield></datafield><datafield ind1=" " ind2=" " tag="996"><subfield code="2">RERO|vtls013803731</subfield></datafield><datafield ind1=" " ind2=" " tag="996"><subfield code="2">LC|n  82167128</subfield></datafield><datafield ind1=" " ind2=" " tag="996"><subfield code="2">RERO|vtls000036933</subfield></datafield><datafield ind1=" " ind2=" " tag="996"><subfield code="2">PICA|115600000</subfield></datafield><datafield ind1=" " ind2=" " tag="996"><subfield code="2">LC|n  79022118</subfield></datafield><datafield ind1=" " ind2=" " tag="996"><subfield code="2">RERO|vtls000130599</subfield></datafield><datafield ind1=" " ind2=" " tag="996"><subfield code="2">SWNL|vtls000041088</subfield></datafield><datafield ind1=" " ind2=" " tag="996"><subfield code="2">RERO|vtls000129860</subfield></datafield><datafield ind1=" " ind2=" " tag="996"><subfield code="2">RERO|vtls000129869</subfield></datafield><datafield ind1=" " ind2=" " tag="996"><subfield code="2">LC|nr2006009269</subfield></datafield><datafield ind1=" " ind2=" " tag="996"><subfield code="2">RERO|vtls000044992</subfield></datafield><datafield ind1=" " ind2=" " tag="996"><subfield code="2">RERO|vtls017429419</subfield></datafield><datafield ind1=" " ind2=" " tag="996"><subfield code="2">NLIlat|000104950</subfield></datafield><datafield ind1=" " ind2=" " tag="996"><subfield code="2">RERO|vtls000017976</subfield></datafield><datafield ind1=" " ind2=" " tag="996"><subfield code="2">RERO|vtls009033275</subfield></datafield><datafield ind1=" " ind2=" " tag="996"><subfield code="2">RERO|vtls013443052</subfield></datafield><datafield ind1=" " ind2=" " tag="996"><subfield code="2">RERO|vtls000130650</subfield></datafield><datafield ind1=" " ind2=" " tag="996"><subfield code="2">RERO|vtls011663220</subfield></datafield><datafield ind1=" " ind2=" " tag="996"><subfield code="2">RERO|vtls013753863</subfield></datafield><datafield ind1=" " ind2=" " tag="996"><subfield code="2">RERO|vtls000129870</subfield></datafield><datafield ind1=" " ind2=" " tag="996"><subfield code="2">LC|n  84026180</subfield></datafield><datafield ind1=" " ind2=" " tag="996"><subfield code="2">PICA|070799733</subfield></datafield><datafield ind1=" " ind2=" " tag="996"><subfield code="2">RERO|vtls000129892</subfield></datafield><datafield ind1=" " ind2=" " tag="996"><subfield code="2">RERO|vtls005393601</subfield></datafield><datafield ind1=" " ind2=" " tag="996"><subfield code="2">PICA|100704476</subfield></datafield><datafield ind1=" " ind2=" " tag="996"><subfield code="2">RERO|vtls005393609</subfield></datafield><datafield ind1=" " ind2=" " tag="996"><subfield code="2">RERO|vtls012318014</subfield></datafield><datafield ind1=" " ind2=" " tag="996"><subfield code="2">NLIlat|000306782</subfield></datafield><datafield ind1=" " ind2=" " tag="996"><subfield code="2">RERO|vtls000129888</subfield></datafield><datafield ind1=" " ind2=" " tag="996"><subfield code="2">RERO|vtls000129883</subfield></datafield><datafield ind1=" " ind2=" " tag="996"><subfield code="2">RERO|vtls000129884</subfield></datafield><datafield ind1=" " ind2=" " tag="996"><subfield code="2">RERO|vtls000129887</subfield></datafield><datafield ind1=" " ind2=" " tag="996"><subfield code="2">LAC|1012J7277</subfield></datafield><datafield ind1=" " ind2=" " tag="996"><subfield code="2">BAV|ADV11039934</subfield></datafield><datafield ind1=" " ind2=" " tag="996"><subfield code="2">LC|no 94030941</subfield></datafield><datafield ind1=" " ind2=" " tag="996"><subfield code="2">RERO|vtls013491837</subfield></datafield><datafield ind1=" " ind2=" " tag="996"><subfield code="2">RERO|vtls009309439</subfield></datafield><datafield ind1=" " ind2=" " tag="996"><subfield code="2">RERO|vtls000002911</subfield></datafield><datafield ind1=" " ind2=" " tag="996"><subfield code="2">LC|n  90661888</subfield></datafield><datafield ind1=" " ind2=" " tag="996"><subfield code="2">RERO|vtls000130548</subfield></datafield><datafield ind1=" " ind2=" " tag="996"><subfield code="2">RERO|vtls011663160</subfield></datafield><datafield ind1=" " ind2=" " tag="996"><subfield code="2">BAV|ADV10260383</subfield></datafield><datafield ind1=" " ind2=" " tag="996"><subfield code="2">RERO|vtls017369075</subfield></datafield><datafield ind1=" " ind2=" " tag="996"><subfield code="2">RERO|vtls005754961</subfield></datafield><datafield ind1=" " ind2=" " tag="996"><subfield code="2">PICA|105424900</subfield></datafield><datafield ind1=" " ind2=" " tag="996"><subfield code="2">LC|n  85301278</subfield></datafield><datafield ind1=" " ind2=" " tag="996"><subfield code="2">LC|n  88196149</subfield></datafield><datafield ind1=" " ind2=" " tag="996"><subfield code="2">WKP|wp Petrus_(Archbishop_of_Uppsala)</subfield></datafield><datafield ind1=" " ind2=" " tag="996"><subfield code="2">BNE|XX965505</subfield></datafield><datafield ind1=" " ind2=" " tag="996"><subfield code="2">PICA|071894306</subfield></datafield><datafield ind1=" " ind2=" " tag="996"><subfield code="2">SWNL|vtls000157947</subfield></datafield><datafield ind1=" " ind2=" " tag="996"><subfield code="2">SWNL|vtls000157946</subfield></datafield><datafield ind1=" " ind2=" " tag="996"><subfield code="2">LC|n 2002065514</subfield></datafield><datafield ind1=" " ind2=" " tag="996"><subfield code="2">PICA|151293414</subfield></datafield><datafield ind1=" " ind2=" " tag="997"><subfield code="a">400 500 flourished 0 0</subfield><subfield code="9">1</subfield></datafield></record>